@article{sundials,
  title={SUNDIALS: Suite of nonlinear and differential/algebraic equation solvers},
  author={Hindmarsh, Alan C and Brown, Peter N and Grant, Keith E and Lee, Steven L and Serban, Radu and Shumaker, Dan E and Woodward, Carol S},
  journal={ACM Transactions on Mathematical Software (TOMS)},
  volume={31},
  number={3},
  pages={363--396},
  year={2005},
  publisher={ACM}
}

@article{Hunter2007,
  Author    = {Hunter, J. D.},
  Title     = {Matplotlib: A 2D graphics environment},
  Journal   = {Computing In Science \& Engineering},
  Volume    = {9},
  Number    = {3},
  Pages     = {90--95},
  abstract  = {Matplotlib is a 2D graphics package used for Python
  for application development, interactive scripting, and
  publication-quality image generation across user
  interfaces and operating systems.},
  publisher = {IEEE COMPUTER SOC},
  year      = 2007
}

@book{MATLAB2010,
year = {2010},
author = {MATLAB},
title = {version 7.10.0 (R2010a)},
publisher = {The MathWorks Inc.},
address = {Natick, Massachusetts}
}

@article{Toxvaerd2011,
  title={Communication: Shifted forces in molecular dynamics},
  author={Toxvaerd, S{\o}ren and Dyre, Jeppe C},
  journal={The Journal of chemical physics},
  volume={134},
  number={8},
  pages={081102},
  year={2011},
  publisher={AIP Publishing}
}

@article{Muller2002,
  title={Coarse-Graining in Polymer Simulation: From the Atomistic to the Mesoscopic Scale and Back},
  author={M{\"u}ller-Plathe, Florian},
  journal={ChemPhysChem},
  volume={3},
  number={9},
  pages={754--769},
  year={2002},
  publisher={Wiley Online Library}
}

@article{Montelongo2013,
  title={High contrast holograms using nanotube forest},
  author={Montelongo, Yunuen and Chen, Bingan and Butt, Haider and Robertson, John and Wilkinson, Timothy D},
  journal={Applied Physics Letters},
  volume={103},
  number={11},
  pages={111104},
  year={2013},
  publisher={AIP Publishing}
}

@article{Chen2012,
  title={Adhesive properties of gecko-inspired mimetic via micropatterned carbon nanotube forests},
  author={Chen, Bingan and Goldberg Oppenheimer, Pola and Shean, Tamaryn AV and Wirth, C Tobias and Hofmann, Stephan and Robertson, John},
  journal={The Journal of Physical Chemistry C},
  volume={116},
  number={37},
  pages={20047--20053},
  year={2012},
  publisher={ACS Publications}
}

@article{Gjerde2006,
  title={Carbon nanotube forests: a non-stick workbench for nanomanipulation},
  author={Gjerde, Kjetil and Kjelstrup-Hansen, Jakob and Clausen, Casper H and Teo, Kenneth BK and Milne, William I and Rubahn, Horst-G{\"u}nter and B{\o}ggild, Peter},
  journal={Nanotechnology},
  volume={17},
  number={19},
  pages={4917},
  year={2006},
  publisher={IOP Publishing}
}

@article{Louchev2003,
  title={Diffusion-controlled kinetics of carbon nanotube forest growth by chemical vapor deposition},
  author={Louchev, Oleg A and Laude, Thomas and Sato, Yoichiro and Kanda, Hisao},
  journal={The Journal of chemical physics},
  volume={118},
  number={16},
  pages={7622--7634},
  year={2003},
  publisher={AIP Publishing}
}

@article{Nessim2010,
  title={Properties, synthesis, and growth mechanisms of carbon nanotubes with special focus on thermal chemical vapor deposition},
  author={Nessim, Gilbert D},
  journal={Nanoscale},
  volume={2},
  number={8},
  pages={1306--1323},
  year={2010},
  publisher={Royal Society of Chemistry}
}

@article{Yakobson1998,
  title={Mechanical relaxation and “intramolecular plasticity” in carbon nanotubes},
  author={Yakobson, BI},
  journal={Applied Physics Letters},
  volume={72},
  number={8},
  pages={918--920},
  year={1998},
  publisher={AIP Publishing}
}

@article{Yang2012,
  title={Competing elastic and adhesive interactions govern deformation behaviors of aligned carbon nanotube arrays},
  author={Yang, Xiaodong and He, Pengfei and Gao, Huajian},
  journal={Applied Physics Letters},
  volume={101},
  number={5},
  pages={053105},
  year={2012},
  publisher={AIP Publishing}
}

@article{Hu2010,
  title={Friction and adhesion of hierarchical carbon nanotube structures for biomimetic dry adhesives: multiscale modeling},
  author={Hu, Shihao and Jiang, Haodan and Xia, Zhenhai and Gao, Xiaosheng},
  journal={ACS applied materials \& interfaces},
  volume={2},
  number={9},
  pages={2570--2578},
  year={2010},
  publisher={ACS Publications}
}

@article{He2013,
  title={Adhesion model of side contact for an extensible elastic fiber},
  author={He, LW and Yan, SP and Li, BQ and Zhao, G and Chu, JR},
  journal={International Journal of Solids and Structures},
  volume={50},
  number={16},
  pages={2659--2666},
  year={2013},
  publisher={Elsevier}
}

@article{He2012,
  title={Directional adhesion behavior of a single elastic fiber},
  author={He, LW and Yan, SP and Li, BQ and Chu, JR},
  journal={Journal of Applied Physics},
  volume={112},
  number={1},
  pages={013516},
  year={2012},
  publisher={AIP Publishing}
}

@article{Majidi2009,
  title={Shear adhesion between an elastica and a rigid flat surface},
  author={Majidi, Carmel},
  journal={Mechanics Research Communications},
  volume={36},
  number={3},
  pages={369--372},
  year={2009},
  publisher={Elsevier}
}

@article{fu2011,
  title={Peeling off carbon nanotubes from rigid substrates: an exact model},
  author={Fu, Yi-Ming and Zhang, Pu},
  journal={Journal of Adhesion Science and Technology},
  volume={25},
  number={10},
  pages={1061--1072},
  year={2011},
  publisher={Taylor \& Francis}
}

@article{Li2011,
  title={A coarse-grain molecular dynamics model for sickle hemoglobin fibers},
  author={Li, He and Lykotrafitis, George},
  journal={Journal of the mechanical behavior of biomedical materials},
  volume={4},
  number={2},
  pages={162--173},
  year={2011},
  publisher={Elsevier}
}

@article{Cranford2013,
  title={Increasing silk fibre strength through heterogeneity of bundled fibrils},
  author={Cranford, Steven W},
  journal={Journal of The Royal Society Interface},
  volume={10},
  number={82},
  pages={20130148},
  year={2013},
  publisher={The Royal Society}
}

@article{Autumn2002,
  title={Evidence for van der Waals adhesion in gecko setae},
  author={Autumn, Kellar and Sitti, Metin and Liang, Yiching A and Peattie, Anne M and Hansen, Wendy R and Sponberg, Simon and Kenny, Thomas W and Fearing, Ronald and Israelachvili, Jacob N and Full, Robert J},
  journal={Proceedings of the National Academy of Sciences},
  volume={99},
  number={19},
  pages={12252--12256},
  year={2002},
  publisher={National Acad Sciences}
}

@article{Radhakrishnan2013,
  title={Phenomenological constitutive model for a CNT turf},
  author={Radhakrishnan, H and Mesarovic, S Dj and Qiu, A and Bahr, DF},
  journal={International Journal of Solids and Structures},
  volume={50},
  number={14},
  pages={2224--2230},
  year={2013},
  publisher={Elsevier}
}

@article{Cranford2010,
  title={In silico assembly and nanomechanical characterization of carbon nanotube buckypaper},
  author={Cranford, Steven W and Buehler, Markus J},
  journal={Nanotechnology},
  volume={21},
  number={26},
  pages={265706},
  year={2010},
  publisher={IOP Publishing}
}

@article{Altendorf2011,
  title={Random-walk-based stochastic modeling of three-dimensional fiber systems},
  author={Altendorf, Hellen and Jeulin, Dominique},
  journal={Physical Review E},
  volume={83},
  number={4},
  pages={041804},
  year={2011},
  publisher={APS}
}

@article{Dalmas2006,
  title={Carbon nanotube-filled polymer composites. Numerical simulation of electrical conductivity in three-dimensional entangled fibrous networks},
  author={Dalmas, Florent and Dendievel, R{\'e}my and Chazeau, Laurent and Cavaill{\'e}, Jean-Yves and Gauthier, Catherine},
  journal={Acta materialia},
  volume={54},
  number={11},
  pages={2923--2931},
  year={2006},
  publisher={Elsevier}
}

@inproceedings{Volkov2008,
  title={Mesoscopic model for simulation of CNT-based materials},
  author={Volkov, Alexey N and Simov, Kiril R and Zhigilei, Leonid V},
  booktitle={ASME 2008 International Mechanical Engineering Congress and Exposition},
  pages={1235--1245},
  year={2008},
  organization={American Society of Mechanical Engineers}
}

@article{Li2012,
  title={A theoretical evaluation of the effects of carbon nanotube entanglement and bundling on the structural and mechanical properties of buckypaper},
  author={Li, Ying and Kr{\"o}ger, Martin},
  journal={Carbon},
  volume={50},
  number={5},
  pages={1793--1806},
  year={2012},
  publisher={Elsevier}
}

@article{Buehler2006,
  title={Mesoscale modeling of mechanics of carbon nanotubes: self-assembly, self-folding, and fracture},
  author={Buehler, Markus J},
  journal={Journal of materials research},
  volume={21},
  number={11},
  pages={2855--2869},
  year={2006},
  publisher={Cambridge Univ Press}
}

@article{Maruyama2003,
  title={A molecular dynamics simulation of heat conduction of a finite length single-walled carbon nanotube},
  author={Maruyama, Shigeo},
  journal={Microscale Thermophysical Engineering},
  volume={7},
  number={1},
  pages={41--50},
  year={2003},
  publisher={Taylor \& Francis}
}

@article{Spitalsky2010,
  title={Carbon nanotube--polymer composites: chemistry, processing, mechanical and electrical properties},
  author={Spitalsky, Zdenko and Tasis, Dimitrios and Papagelis, Konstantinos and Galiotis, Costas},
  journal={Progress in Polymer Science},
  volume={35},
  number={3},
  pages={357--401},
  year={2010},
  publisher={Elsevier}
}

@article{Coleman2006,
  title={Small but strong: a review of the mechanical properties of carbon nanotube--polymer composites},
  author={Coleman, Jonathan N and Khan, Umar and Blau, Werner J and Gun’ko, Yurii K},
  journal={Carbon},
  volume={44},
  number={9},
  pages={1624--1652},
  year={2006},
  publisher={Elsevier}
}

@article{Xu2012,
  title={Alignment control of carbon nanotube forest from random to nearly perfectly aligned by utilizing the crowding effect},
  author={Xu, Ming and Futaba, Don N and Yumura, Motoo and Hata, Kenji},
  journal={Acs Nano},
  volume={6},
  number={7},
  pages={5837--5844},
  year={2012},
  publisher={ACS Publications}
}

@article{Wang2008,
  title={Highly oriented carbon nanotube papers made of aligned carbon nanotubes},
  author={Wang, Ding and Song, Pengcheng and Liu, Changhong and Wu, Wei and Fan, Shoushan},
  journal={Nanotechnology},
  volume={19},
  number={7},
  pages={075609},
  year={2008},
  publisher={IOP Publishing}
}

@article{Lee2008,
  title={Layer-by-layer assembly of all carbon nanotube ultrathin films for electrochemical applications},
  author={Lee, Seung Woo and Kim, Byeong-Su and Chen, Shuo and Shao-Horn, Yang and Hammond, Paula T},
  journal={Journal of the American Chemical Society},
  volume={131},
  number={2},
  pages={671--679},
  year={2008},
  publisher={ACS Publications}
}

@article{Jiang2002,
  title={Nanotechnology: spinning continuous carbon nanotube yarns},
  author={Jiang, Kaili and Li, Qunqing and Fan, Shoushan},
  journal={Nature},
  volume={419},
  number={6909},
  pages={801--801},
  year={2002},
  publisher={Nature Publishing Group}
}

@article{Lau2003,
  title={Superhydrophobic carbon nanotube forests},
  author={Lau, Kenneth KS and Bico, Jos{\'e} and Teo, Kenneth BK and Chhowalla, Manish and Amaratunga, Gehan AJ and Milne, William I and McKinley, Gareth H and Gleason, Karen K},
  journal={Nano Letters},
  volume={3},
  number={12},
  pages={1701--1705},
  year={2003},
  publisher={ACS Publications}
}

@article{De2013,
  title={Carbon nanotubes: present and future commercial applications},
  author={De Volder, Michael FL and Tawfick, Sameh H and Baughman, Ray H and Hart, A John},
  journal={Science},
  volume={339},
  number={6119},
  pages={535--539},
  year={2013},
  publisher={American Association for the Advancement of Science}
}

@article{Dresselhaus2004,
  title={Unusual properties and structure of carbon nanotubes},
  author={Dresselhaus, MS and Dresselhaus, G and Jorio, A},
  journal={Annu. Rev. Mater. Res.},
  volume={34},
  pages={247--278},
  year={2004},
  publisher={Annual Reviews}
}

@article{Wang2013,
  title={Low-temperature processed electron collection layers of Graphene/TiO2 nanocomposites in thin film perovskite solar cells},
  author={Wang, Jacob Tse-Wei and Ball, James M and Barea, Eva M and Abate, Antonio and Alexander-Webber, Jack A and Huang, Jian and Saliba, Michael and Mora-Sero, Iv{\'a}n and Bisquert, Juan and Snaith, Henry J and others},
  journal={Nano letters},
  year={2013},
  publisher={ACS Publications}
}

@article{Lin2010,
  title={100-GHz transistors from wafer-scale epitaxial graphene},
  author={Lin, Y-M and Dimitrakopoulos, Christos and Jenkins, Keith A and Farmer, Damon B and Chiu, H-Y and Grill, Alfred and Avouris, Ph},
  journal={Science},
  volume={327},
  number={5966},
  pages={662--662},
  year={2010},
  publisher={American Association for the Advancement of Science}
}

@Article{Novoselov2004,
  title={Electric field effect in atomically thin carbon films},
  author={Novoselov, Kostya S and Geim, Andre K and Morozov, SV and Jiang, D and Zhang, Y and Dubonos, SV and Grigorieva, IV and Firsov, AA},
  journal={science},
  volume={306},
  number={5696},
  pages={666--669},
  year={2004},
  publisher={American Association for the Advancement of Science}
}

@article{Novoselov2012,
  title={A roadmap for graphene},
  author={Novoselov, Konstantin S and Fal, VI and Colombo, L and Gellert, PR and Schwab, MG and Kim, K and others},
  journal={Nature},
  volume={490},
  number={7419},
  pages={192--200},
  year={2012},
  publisher={Nature Publishing Group}
}

@Article{Iijima1991,
AUTHOR = {S. Iijima},
TITLE = {Helical microtubules of graphitic carbon},
JOURNAL = {Nature},
VOLUME = {354},
NUMBER = {6348},
PAGES = {56--58},
YEAR = {1991},
MONTH = {Nov},
PUBLISHER = {London}
}

@article{neda,
  title={Continuum percolation of isotropically oriented sticks in 3D revisited},
  author={Z. Neda\mbox{,} R. Florian and Y. Brechet},
  journal={continuum},
  year={1998}
}

@article{buehler,
  title={Mesoscale modeling of mechanics of carbon nanotubes: self-assembly, self-folding, and fracture},
  author={M. J. Buehler},
  journal={Journal of materials research},
  volume={21},
  number={11},
  pages={2855--2869},
  year={2006},
  publisher={Cambridge Univ Press}
}

@book{Loiseau,
  title={Understanding Carbon Nanotubes: from basics to applications},
  author={A. Loiseau},
  volume={677},
  year={2006},
  publisher={Springer}
}



\end{thebibliography}



@Article{Kim_Brown,
AUTHOR = {Brown, R. A. and D. H. Kim},
TITLE = {Modelling of directional solidification: from Scheil to detailed numerical simulation.},
JOURNAL = {J. Crys. Grwth.},
VOLUME = {109},
YEAR = {1991},
PAGES = {50-65},
}















